<record><leader>00000cas a2200000 a 4500</leader><controlfield tag="001">13400638</controlfield><controlfield tag="008">860407d19091939paudn ne      0   a0eng d</controlfield><datafield ind1=" " ind2=" " tag="010"><subfield code="a">sn 86083344 </subfield></datafield><datafield ind1=" " ind2=" " tag="040"><subfield code="a">PBB</subfield><subfield code="b">eng</subfield><subfield code="c">PBB</subfield><subfield code="d">NPH</subfield><subfield code="d">OCL</subfield><subfield code="d">OCLCQ</subfield></datafield><datafield ind1=" " ind2=" " tag="042"><subfield code="a">msc</subfield></datafield><datafield ind1="0" ind2=" " tag="130"><subfield code="a">Evening news (Wilkes-Barre, Pa.)</subfield></datafield><datafield ind1="1" ind2="4" tag="245"><subfield code="a">The evening news.</subfield></datafield><datafield ind1=" " ind2=" " tag="260"><subfield code="a">Wilkes-Barre, Pa. :</subfield><subfield code="b">Wilkes-Barre News Co.,</subfield><subfield code="c">1909-1939.</subfield></datafield><datafield ind1=" " ind2=" " tag="300"><subfield code="a">30 v. :</subfield><subfield code="b">ill.</subfield></datafield><datafield ind1=" " ind2=" " tag="310"><subfield code="a">Week-day evenings</subfield></datafield><datafield ind1="0" ind2=" " tag="362"><subfield code="a">Aug. 30, 1909-Apr. 29, 1939.</subfield></datafield><datafield ind1=" " ind2=" " tag="500"><subfield code="a">Imprint varies.</subfield></datafield><datafield ind1=" " ind2=" " tag="515"><subfield code="a">Issues for Aug. 30, 1909- called 32nd yr.-</subfield></datafield><datafield ind1=" " ind2=" " tag="530"><subfield code="a">Also issued on microfilm from Micro Photo Div. of Bell and Howell.</subfield></datafield><datafield ind1=" " ind2=" " tag="752"><subfield code="a">United States</subfield><subfield code="b">Pennsylvania</subfield><subfield code="c">Luzerne</subfield><subfield code="d">Wilkes-Barre.</subfield></datafield><datafield ind1="0" ind2="0" tag="780"><subfield code="t">Wilkes-Barre news</subfield><subfield code="w">(DLC)sn 86081944</subfield></datafield><datafield ind1="0" ind2="7" tag="785"><subfield code="t">Wilkes-Barre times leader (Wilkes-Barre, Pa. : 1907)</subfield><subfield code="w">(DLC)sn 86083343</subfield><subfield code="w">(OCoLC)12378180</subfield></datafield><datafield ind1="0" ind2="7" tag="785"><subfield code="t">Wilkes-Barre times leader, the evening news</subfield><subfield code="w">(DLC)sn 86083341</subfield></datafield></record>